@preamble{ "\newcommand{\noopsort}[1]{} "
	# "\newcommand{\printfirst}[2]{#1} "
	# "\newcommand{\singleletter}[1]{#1} "
	# "\newcommand{\switchargs}[2]{#2#1} " }


@misc{site:event-loop,
      author = "Mikito Takada.",
      title = "Understanding the node.js event loop",
      month = "February",
      year = "2011",
      howpublished = "\url{http://blog.mixu.net/2011/02/01/understanding-the-node-js-event-loop/}"
}

@misc{site:jsend,
      author = "OmniTI Labs",
      title = "{JSend} Specification",
      howpublished = "\url{http://labs.omniti.com/labs/jsend}"
}


@mastersthesis{tb-thesis,
    author    = "Medlock-Walton, Michael Paul",
    title     = "TaleBlazer: {A Platform for Creating Multiplayer Location Based Games}",
    school    = "Massachusetts Institute of Technology",
    year      = "2012",
    month    = "June"
}

@mastersthesis{tb-mp-thesis,
    author    = "Lehmann, Sarah E",
    title     = "TaleBlazer: {Implementing a Multiplayer Server for Location-Based Augmented Reality Games}",
    school    = "Massachusetts Institute of Technology",
    year      = "2013",
    month    = "September"
}

@misc{site:flurry, 
      author = "Flurry Inc.",
      title = "Privacy {P}olicy",
      howpublished = "\url{http://www.flurry.com/legal-privacy/privacy-policy}"
}

@misc{site:ed, 
      author = "MIT Scheller Teacher Education Program",
      title = "Environmental {D}etectives",
      howpublished = "\url{http://education.mit.edu/ar/ed.html}"
}

@misc{site:starlogo, 
      author = "MIT Scheller Teacher Education Program",
      title = "StarLogo {TNG}",
      howpublished = "\url{http://education.mit.edu/projects/starlogo-tng}"
}
https://www.ibm.com/developerworks/webservices/library/ws-restful/

@misc{site:rest,
      author = "Alex Rodriguez",
      title = "{REST}ful {W}eb services: {T}he basics",
      howpublished = "\url{https://www.ibm.com/developerworks/webservices/library/ws-restful}", 
      month = "November", 
      year = "2008",
      note = "DeveloperWorks, IBM"
}




